@inproceedings{Rastogi10,
 author = {Rastogi, Vibhor and Nath, Suman},
 title = {Differentially private aggregation of distributed time-series with transformation and encryption},
 booktitle = {Proceedings of the 2010 ACM SIGMOD International Conference on Management of data},
 series = {SIGMOD '10},
 year = {2010},
 isbn = {978-1-4503-0032-2},
 location = {Indianapolis, Indiana, USA},
 pages = {735--746},
 numpages = {12},
 acmid = {1807247},
 publisher = {ACM},
 address = {New York, NY, USA},
} 

@inproceedings{BLRdp,
 author = {Blum, Avrim and Ligett, Katrina and Roth, Aaron},
 title = {A learning theory approach to non-interactive database privacy},
 booktitle = {Proceedings of the 40th annual ACM symposium on Theory of computing},
 series = {STOC '08},
 year = {2008},
 isbn = {978-1-60558-047-0},
 location = {Victoria, British Columbia, Canada},
 pages = {609--618},
 numpages = {10},
 acmid = {1374464},
 publisher = {ACM},
 address = {New York, NY, USA},
} 

@inproceedings{dplinear,
 author = {Li, Chao and Hay, Michael and Rastogi, Vibhor and Miklau, Gerome and McGregor, Andrew},
 title = {Optimizing linear counting queries under differential privacy},
 booktitle = {Proceedings of the twenty-ninth ACM SIGMOD-SIGACT-SIGART symposium on Principles of database systems},
 series = {PODS '10},
 year = {2010},
 isbn = {978-1-4503-0033-9},
 location = {Indianapolis, Indiana, USA},
 pages = {123--134},
 numpages = {12},
 acmid = {1807104},
 publisher = {ACM},
 address = {New York, NY, USA},
} 

@misc{dpjl03,
 author = {T.-H. Hubert Chan and Elaine Shi},
 title = {Differentially Private {Johnson-Lindenstrauss} Embedding},
 howpublished = {Manuscript}, 
 year = {2011}
}

@article{dpjl01,
  author    = {Krishnaram Kenthapadi and
               Aleksandra Korolova and
               Ilya Mironov and
               Nina Mishra},
  title     = {Privacy via the {Johnson-Lindenstrauss} Transform},
  journal   = {CoRR},
  volume    = {abs/1204.2606},
  year      = {2012},
}

@article{dpjl02,
  author    = {Jeremiah Blocki and
               Avrim Blum and
               Anupam Datta and
               Or Sheffet},
  title     = {The {Johnson-Lindenstrauss} Transform Itself Preserves Differential
               Privacy},
  journal   = {CoRR},
  volume    = {abs/1204.2136},
  year      = {2012},
}

@article{dpapprox,
  author    = {Anupam Gupta and
               Katrina Ligett and
               Frank McSherry and
               Aaron Roth and
               Kunal Talwar},
  title     = {Differentially Private Approximation Algorithms},
  journal   = {CoRR},
  volume    = {abs/0903.4510},
  year      = {2009},
}

@inproceedings{guptahardtroth11,
  author    = {Anupam Gupta and
               Moritz Hardt and
               Aaron Roth and
               Jonathan Ullman},
  title     = {Privately releasing conjunctions and the statistical query
               barrier},
  booktitle = {ACM Symposium on Theory of Computing (STOC)},
  year      = {2011},
  pages     = {803-812},
}

@inproceedings{guptaroth12,
  author    = {Anupam Gupta and
               Aaron Roth and
               Jonathan Ullman},
  title     = {Iterative Constructions and Private Data Release},
  booktitle = {IACR Theory of Cryptography Conference (TCC)},
  year      = {2012},
  pages     = {339-356},
}


@inproceedings{expomech,
 author = {McSherry, Frank and Talwar, Kunal},
 title = {Mechanism Design via Differential Privacy},
 booktitle = {Proceedings of the 48th Annual IEEE Symposium on Foundations of Computer Science},
 series = {FOCS '07},
 year = {2007},
 isbn = {0-7695-3010-9},
 pages = {94--103},
 numpages = {10},
 acmid = {1334185},
 publisher = {IEEE Computer Society},
 address = {Washington, DC, USA},
} 

@inproceedings{HardtRS12,
  author    = {Moritz Hardt and
               Guy N. Rothblum and
               Rocco A. Servedio},
  title     = {Private data release via learning thresholds},
  booktitle = {ACM-SIAM Symposium on Discrete Algorithms (SODA)},
  year      = {2012},
  pages     = {168-187},
}

@inproceedings{HardtR10,
  author    = {Moritz Hardt and
               Guy N. Rothblum},
  title     = {A Multiplicative Weights Mechanism for Privacy-Preserving
               Data Analysis},
  booktitle = {IEEE Symposium on Foundations of Computer Science (FOCS)},
  year      = {2010},
  pages     = {61-70},
}

@inproceedings{Nissim07,
 author = {Nissim, Kobbi and Raskhodnikova, Sofya and Smith, Adam},
 title = {Smooth sensitivity and sampling in private data analysis},
 booktitle = {Proceedings of the thirty-ninth annual ACM symposium on Theory of computing},
 series = {STOC '07},
 year = {2007},
 isbn = {978-1-59593-631-8},
 location = {San Diego, California, USA},
 pages = {75--84},
 numpages = {10},
 acmid = {1250803},
 publisher = {ACM},
 address = {New York, NY, USA},
} 


@inproceedings{Smith11,
 author = {Smith, Adam},
 title = {Privacy-preserving statistical estimation with optimal convergence rates},
 booktitle = {Proceedings of the 43rd annual ACM symposium on Theory of computing},
 series = {STOC '11},
 year = {2011},
 isbn = {978-1-4503-0691-1},
 location = {San Jose, California, USA},
 pages = {813--822},
 numpages = {10},
 acmid = {1993743},
 publisher = {ACM},
 address = {New York, NY, USA},
} 


@inproceedings{diffprivrobuststat,
 author = {Dwork, Cynthia and Lei, Jing},
 title = {Differential privacy and robust statistics},
 booktitle = {ACM Symposium on Theory of Computing (STOC)},
 year = {2009},
} 



@misc{provingrobust,
 author ={Swarat Chaudhuri and Sumit Gulwani and Roberto Lublinerman and Sara Navidpour},
 title = {Proving Programs Robust},
 howpublished = {Manuscript},
}



@inproceedings{diffprivconsistency,
 author = {Barak, Boaz and Chaudhuri, Kamalika and Dwork, Cynthia and Kale, Satyen and McSherry, Frank and Talwar, Kunal},
 title = {Privacy, accuracy, and consistency too: a holistic solution to contingency table release},
 booktitle = {ACM SIGMOD-SIGACT-SIGART symposium on Principles of database systems (PODS)},
 year = {2007},
} 


@inproceedings{DinurN03,
  author = {Irit Dinur and Kobbi Nissim},
  booktitle = {ACM SIGMOD-SIGACT-SIGART symposium on Principles of database systems (PODS)},
  title = {Revealing information while preserving privacy},
  year = {2003},
}

@inproceedings{DworkY08,
        title = {New Efficient Attacks on Statistical Disclosure Control
               Mechanisms},
        author = {Cynthia Dwork and Sergey Yekhanin},
        booktitle = {CRYPTO},
        year = {2008},
}



@inproceedings{MetwallyAA05,
  author    = {Ahmed Metwally and
               Divyakant Agrawal and
               Amr El Abbadi},
  title     = {Efficient Computation of Frequent and Top-k Elements in
               Data Streams},
  booktitle = {ICDT},
  year      = {2005},
}


@inproceedings{manku02,
  author = {G. S. Manku and R. Motwani},
  booktitle = {VLDB},
  title = {Approximate frequency counts over data streams},
  year = {2002}
}

@inproceedings{Demaine02,
 author = {Demaine, Erik D. and L\'{o}pez-Ortiz, Alejandro and Munro, J. Ian},
 title = {Frequency Estimation of Internet Packet Streams with Limited Space},
 booktitle = {ESA '02: Proceedings of the 10th Annual European Symposium on Algorithms},
 year = {2002},
 }



@inproceedings{clicklog,
 author = {Korolova, Aleksandra and Kenthapadi, Krishnaram and Mishra, Nina and Ntoulas, Alexandros},
 title = {Releasing search queries and clicks privately},
 booktitle = {WWW},
 year = {2009},
 }

@inproceedings{vanityfair,
  author    = {Rosie Jones and
               Ravi Kumar and
               Bo Pang and
               Andrew Tomkins},
  title     = {Vanity fair: privacy in querylog bundles},
  booktitle = {CIKM},
  year      = {2008},
}
 

@inproceedings{netflix,
  author    = {Arvind Narayanan and
               Vitaly Shmatikov},
  title     = {Robust De-anonymization of Large Sparse Datasets},
  booktitle = {IEEE Symposium on Security and Privacy},
  year      = {2008},
}


@article{randomizedresponse,
  author    = {Stanley L. Warner},
  title     = {Randomized response: A survey technique for eliminating evasive answer bias},
  journal = {Journal of the American Statistical Association},
  year      = {1965},
}



@inproceedings{foundation,
  author    = {Cynthia Dwork},
  title     = {A Firm Foundation for Private Data Analysis},
  booktitle = {Communications of the ACM},
  year      = {2010},
}

@inproceedings{survey,
 author = {Dwork, Cynthia},
 title = {Differential privacy: a survey of results},
 booktitle = {Proceedings of the 5th international conference on Theory and applications of models of computation},
 series = {TAMC'08},
 year = {2008},
 location = {Xi'an, China},
 pages = {1--19},
 numpages = {19},
 acmid = {1791836},
 publisher = {Springer-Verlag},
 address = {Berlin, Heidelberg},
} 


@inproceedings{frontier,
  author    = {Cynthia Dwork},
  title     = {The Differential Privacy Frontier},
  booktitle = {IACR Theory of Cryptography Conference (TCC)},
  year      = {2009},
}




@misc{amazonattack,
 author = {Joseph A. Calandrino and Arvind Narayanan and Edward W. Felten and Vitaly Shmatikov},
 title = "Don't Review That Book: Privacy Risks of Collaborative Filtering",
 howpublished = {Manuscript}, 
 year = {2009},
 }




@inproceedings{diffprivnetflix,
  author    = {Frank McSherry and
               Ilya Mironov},
  title     = {Differentially Private Recommender Systems: Building Privacy
               into the Netflix Prize Contenders},
  booktitle = {ACM SIGKDD International Conference
               on Knowledge Discovery and Data Mining (KDD)},
  year      = {2009},
  pages     = {627-636},
}



@article{medianmech,
  author = {Aaron Roth and Tim Roughgarden},
  journal = {CoRR},
  title = {The Median Mechanism: Interactive and Efficient Privacy with Multiple Queries},
  url = {http://dblp.uni-trier.de/db/journals/corr/corr0911.html#abs-0911-1813},
  volume = {abs/0911.1813},
  year = {2009},
  ee = {http://arxiv.org/abs/0911.1813},
}

@inproceedings{panprivacy,
 author = {Cynthia Dwork and Moni Naor and Toniann Pitassi and Guy N. Rothblum and Sergey Yekhanin},
 title = "Pan-Private Streaming Algorithms",
 booktitle = {Innovations in Computer Science (ISC)},
 year = {2010},
 }

@misc{icalptalk,
 author = {Cynthia Dwork},
 title = "Differential Privacy",
 howpublished = {Invited talk at 
   \textit{International Colloquium on Automata, Languages and Programming (ICALP)}},
 year = {2006},
 }


@misc{newsetting,
 author = {Cynthia Dwork},
 title = "Differential Privacy in New Settings",
 howpublished = {Invited presentation at 
 \textit{ACM-SIAM Symposium on Discrete Algorithms (SODA)}},
 year = {2010},
 }

@inproceedings{continual,
 author = {Cynthia Dwork and Moni Naor and Toniann Pitassi and Guy N. Rothblum},
 title = "Differential Privacy under continual observation",
 booktitle = {ACM Symposium on Theory of Computing (STOC)},
 year = {2010},
 }

@inproceedings{calibrating,
  author    = {Cynthia Dwork and
               Frank McSherry and
               Kobbi Nissim and
               Adam Smith},
  title     = {Calibrating Noise to Sensitivity in Private Data Analysis},
  booktitle = {Theory of Cryptography Conference (TCC)},
  year      = {2006},
}


