@inproceedings{oblivm,
  title={Obli{VM}: A Generic, Customizable, and Reusable Secure Computation Architecture},
  author={Wang, Xiao Shaun and Liu, Chang and Nayak, Karthik and Huang, Yan and Shi, Elaine},
  booktitle={IEEE Symposium on Security and Privacy},
  year={2015},
  organization={IEEE}
}

@inproceedings{npot,
 author = {Naor, Moni and Pinkas, Benny},
 title = {Efficient Oblivious Transfer Protocols},
 booktitle = {Proceedings of the Twelfth Annual ACM-SIAM Symposium on Discrete Algorithms},
 year = {2001},
} 
@inproceedings{scmips,
  title={Secure Computation of MIPS Machine Code},
  author={S. Dov Gordon and   Allen McIntosh and  Jonathan Katz and Elaine Shi and  Xiao Shaun Wang},
  booktitle={manuscript},
  year={2015}
}
@inproceedings{pregel,
  title={Pregel: a system for large-scale graph processing},
  author={Malewicz, Grzegorz and Austern, Matthew H and Bik, Aart JC and Dehnert, James C and Horn, Ilan and Leiser, Naty and Czajkowski, Grzegorz},
  booktitle={Proceedings of the 2010 ACM SIGMOD International Conference on Management of data},
  pages={135--146},
  year={2010},
  organization={ACM}
}
@inproceedings{grr3,
 author = {Naor, Moni and Pinkas, Benny and Sumner, Reuban},
 title = {Privacy Preserving Auctions and Mechanism Design},
 booktitle = {Proceedings of the 1st ACM Conference on Electronic Commerce},
 series = {EC '99},
 year = {1999},
}
@inproceedings{halfgate,
    author = {Samee Zahur and Mike Rosulek and David Evans},
    title = {Two Halves Make a Whole: Reducing Data Transfer in Garbled Circuits using Half Gates},
   booktitle = {EUROCRYPT},
   year      = {2015},
}

@misc{networkoram,
    author = {Dana Dachman-Soled and Chang Liu and Charalampos Papamanthou and Elaine Shi and Uzi Vishkin},
    title = {Oblivious Network RAM},
    howpublished = {Cryptology ePrint Archive, Report 2015/073},
    year = {2015},
    note = {\url{http://eprint.iacr.org/}},
}
@misc{karamul,
   title={{T}he {C}omplexity of {C}omputations},
   author={ Anatolii Alexeevitch Karatsuba},
   booktitle={Proceedings of the Steklov Institute of Mathematics},
   year = {1995}
}
@inproceedings{sdnsc,
 author = {Jagadeesan, Nachikethas A. and Pal, Ranjan and Nadikuditi, Kaushik and Huang, Yan and Shi, Elaine and Yu, Minlan},
 title = {A Secure Computation Framework for SDNs},
 booktitle = {Proceedings of the Third Workshop on Hot Topics in Software Defined Networking},
 series = {HotSDN '14},
 year = {2014},
} 
@inproceedings{graphsc,
   title={{G}raph{SC}: {P}arallel {S}ecure {C}omputation {M}ade {E}asy},
   author={Kartik Nayak and Xiao Shaun Wang and Stratis Ioannidis and Udi Weinsberg and Nina Taft and Elaine Shi},
   booktitle={IEEE S \& P},
   year = {2015}
}
@article{hadamard_multiplication,
year={1962},
journal={Numerische Mathematik},
title={{T}he norm of the {S}chur product operation},
author={Davis, Chandler},
}

@ARTICLE{ieee754, 
journal={IEEE Std 754-2008}, 
title={{IEEE} {S}tandard for {F}loating-{P}oint {A}rithmetic}, 
year={2008}, 
}
@book{mlbook,
  title={{T}he {E}lements of {S}tatistical {L}earning: {D}ata {M}ining, {I}nference, and {P}rediction},
  author={Hastie, T. and Tibshirani, R. and Friedman, J.H.},
  year={2001},
}
@MISC{fw,
    title = {Manuscript},
    author = {Anonymized},
    year = {2014}
}

@MISC{pm,
    title = {Private Communication},
    year = {2014}
}

@inproceedings{scoram,
 author={ Xiao Shaun Wang and Yan Huang and  T-H. Hubert Chan and Abhi Shelat and Elaine Shi },
 title = {{SCORAM}: {O}blivious {RAM} for {S}ecure {C}omputation},
  booktitle = {CCS},
  year = {2014}
}

@inproceedings{ss11,
 author = {Shelat, Abhi and Shen, Chih-Hao},
 title = {{T}wo-output {S}ecure {C}omputation with {M}alicious {A}dversaries},
 series = {EUROCRYPT'11},
 year = {2011},
} 
@incollection{otextension,
year={2003},
booktitle={CRYPTO 2003},
title={{E}xtending {O}blivious {T}ransfers {E}fficiently},
author={Ishai, Yuval and Kilian, Joe and Nissim, Kobbi and Petrank, Erez},
}
@inproceedings{bitonicsort,
 author = {Batcher, K. E.},
 title = {{S}orting {N}etworks and {T}heir {A}pplications},
 series = {AFIPS '68 (Spring)},
 year = {1968},
} 

@inproceedings{efficientot,
 author = {Asharov, Gilad and Lindell, Yehuda and Schneider, Thomas and Zohner, Michael},
 title = {{M}ore {E}fficient {O}blivious {T}ransfer and {E}xtensions for {F}aster {S}ecure {C}omputation},
 series = {CCS '13},
 year = {2013},
} 
@incollection{sharemind,
author={Bogdanov, Dan and Laur, Sven and Willemson, Jan},
title={{S}haremind: {A} {F}ramework for {F}ast {P}rivacy-{P}reserving {C}omputations},
booktitle={ESORICS},
year={2008},
}
@inproceedings{scinc,
 author = {Holzer, Andreas and Franz, Martin and Katzenbeisser, Stefan and Veith, Helmut},
 title = {{S}ecure {T}wo-party {C}omputations in {ANSI} {C}},
 booktitle = {CCS},
 year = {2012},
} 

@inproceedings{picco,
 author = {Zhang, Yihua and Steele, Aaron and Blanton, Marina},
 title = {{PICCO}: a general-purpose compiler for private distributed computation},
 booktitle = {CCS},
 year = {2013},
} 
@article{goodrichgraph,
  author    = {Michael T. Goodrich and
               Joseph A. Simons},
  title     = {{D}ata-{O}blivious {G}raph {A}lgorithms in {O}utsourced {E}xternal {M}emory},
  journal   = {CoRR},
  year      = {2014},
  volume    = {abs/1409.0597},
  url       = {http://arxiv.org/abs/1409.0597},
  timestamp = {Tue, 11 Nov 2014 17:04:15 +0100},
  biburl    = {http://dblp.uni-trier.de/rec/bib/journals/corr/GoodrichS14},
  bibsource = {dblp computer science bibliography, http://dblp.org}
}
@MISC{arithcircuit,
    author = {Vladimir Kolesnikov and Ahmad-Reza Sadeghi and Thomas Schneider},
    title = {From Dust to Dawn: Practically Efficient Two-Party Secure Function Evaluation Protocols and their Modular Design },
    year = {2010}
}
@misc{circuitoram,
   author = {Xiao Shaun Wang and T-H. Hubert Chan and Elaine Shi},
    title = {{C}ircuit {ORAM}: {O}n {T}ightness of the {G}oldreich-{O}strovsky {L}ower {B}ound},
    howpublished = {Cryptology ePrint Archive, Report 2014/672},
    year = {2014},
    note = {\url{http://eprint.iacr.org/}},
}
@inproceedings{ridgeregressionsc,
  title={Privacy-preserving ridge regression on hundreds of millions of records},
  author={Nikolaenko, Valeria and Weinsberg, Udi and Ioannidis, Stratis and Joye, Marc and Boneh, Dan and Taft, Nina},
  booktitle={S \& P},
  year={2013},
}
